@book{cook1982residuals,
  title={Residuals and influence in regression},
  author={Cook, R Dennis and Weisberg, Sanford},
  year={1982},
  publisher={New York: Chapman and Hall}
}
